<record><leader>00000cas a22000007a 4500</leader><controlfield tag="001">13079489</controlfield><controlfield tag="008">860129d19771992inucr ne      0   a0eng d</controlfield><datafield ind1=" " ind2=" " tag="010"><subfield code="a">sn 86013727 </subfield></datafield><datafield ind1=" " ind2=" " tag="040"><subfield code="a">NSD</subfield><subfield code="b">eng</subfield><subfield code="c">NSD</subfield><subfield code="d">NPI</subfield><subfield code="d">NSD</subfield><subfield code="d">NPI</subfield><subfield code="d">OCLCQ</subfield></datafield><datafield ind1=" " ind2=" " tag="012"><subfield code="j">0</subfield><subfield code="m">1</subfield></datafield><datafield ind1="1" ind2=" " tag="022"><subfield code="a">0887-0837</subfield><subfield code="l">0887-0837</subfield><subfield code="2">1</subfield></datafield><datafield ind1=" " ind2=" " tag="032"><subfield code="a">537260</subfield><subfield code="b">USPS</subfield></datafield><datafield ind1=" " ind2=" " tag="042"><subfield code="a">nsdp</subfield></datafield><datafield ind1="0" ind2=" " tag="130"><subfield code="a">News (Tell City, Ind.)</subfield></datafield><datafield ind1=" " ind2="4" tag="222"><subfield code="a">The News</subfield><subfield code="b">(Tell City, Ind.)</subfield></datafield><datafield ind1="1" ind2="4" tag="245"><subfield code="a">The news.</subfield></datafield><datafield ind1=" " ind2=" " tag="260"><subfield code="a">Tell City, Ind. :</subfield><subfield code="b">News Pub. Co.,</subfield><subfield code="c">1977-1992.</subfield></datafield><datafield ind1=" " ind2=" " tag="300"><subfield code="a">13 v. :</subfield><subfield code="b">ill.</subfield></datafield><datafield ind1=" " ind2=" " tag="310"><subfield code="a">Semiweekly,</subfield><subfield code="b">&lt;Jan. 2, 1986&gt;-Nov. 9, 1992</subfield></datafield><datafield ind1=" " ind2=" " tag="321"><subfield code="a">Semiweekly,</subfield><subfield code="b">Apr. 5, 1977-Sept. 28, 1978</subfield></datafield><datafield ind1=" " ind2=" " tag="321"><subfield code="a">Triweekly,</subfield><subfield code="b">Oct. 2, 1978-&lt;1985&gt;</subfield></datafield><datafield ind1="0" ind2=" " tag="362"><subfield code="a">Vol. 1, no. 1 (Apr. 5, 1977)-Nov. 9, 1992.</subfield></datafield><datafield ind1=" " ind2=" " tag="752"><subfield code="a">United States</subfield><subfield code="b">Indiana</subfield><subfield code="c">Perry</subfield><subfield code="d">Tell City.</subfield></datafield><datafield ind1=" " ind2=" " tag="752"><subfield code="a">United States</subfield><subfield code="b">Indiana</subfield><subfield code="c">Perry</subfield><subfield code="d">Cannelton.</subfield></datafield><datafield ind1="0" ind2="4" tag="780"><subfield code="t">Cannelton news (Cannelton, Ind. : 1972)</subfield><subfield code="w">(DLC)sn 86058876</subfield></datafield><datafield ind1="0" ind2="4" tag="780"><subfield code="t">Tell City news (Tell City, Ind. : 1967)</subfield><subfield code="w">(DLC)sn 86058877</subfield></datafield><datafield ind1="0" ind2="0" tag="785"><subfield code="t">Perry County news (Tell City, Ind.)</subfield><subfield code="w">(DLC)sn 99063506</subfield></datafield></record>